%! Author = Giacomo Cavalieri, Nicol√≤ Di Domenico, Nicolas Farabegoli, Linda Vitali
%! Date = 8/5/21

@online {gdc:overwatch,
    author = {Ford, Timothy},
    title = {``Overwatch'' Gameplay Architecture and Netcode},
    institution = {Blizzard Entertainment},
    organization = {Game Developers Conference},
    year = {2017},
    url = {https://www.gdcvault.com/play/1024001/-Overwatch-Gameplay-Architecture-and},
}
@online {minecraft,
    author = {Mojang Studios},
    title = {Minecraft attributions},
    url = {https://www.minecraft.net/en-us/attribution},
}
@online {entt,
    author = {Caini, Michele},
    title = {EnTT},
    url = {https://github.com/skypjack/entt/},
}
@manual {entt:optimizations,
    author = {Caini, Michele},
    title = {Entity component systems: groups},
    url = {https://github.com/skypjack/entt/wiki/Crash-Course:-entity-component-system#groups},
}
@online {artemis,
    author = {Papari, Adrian},
    title = {Artemis-odb},
    url = {https://github.com/junkdog/artemis-odb},
}
@online {ashley,
    author = {LibGDX},
    title = {Ashley},
    url = {https://github.com/libgdx/ashley},
}

@misc{scalatest-bug,
    title = {{Bug report: "Type error not detected by scalatest"}},
    howpublished = "\url{https://github.com/scalatest/scalatest/issues/2062}"
}

@misc{cross-building,
    title = {Sbt Cross-building},
    howpublished = "\url{https://www.scala-sbt.org/1.x/docs/Cross-Build.html}"
}

@misc{scalajs,
    title = {Scala.js},
    howpublished = "\url{https://www.scala-js.org/}",
}

@misc{intellij-issue,
    title = {Intellij report errors although sbt compiles correctly in cross build with Scala js},
    howpublished = "\url{https://youtrack.jetbrains.com/issue/SCL-19525}",
}